@article{0_tachet2017scaling,
  title={Scaling law of urban ride sharing},
  author={Tachet, Remi and Sagarra, Oleguer and Santi, Paolo and Resta, Giovanni and Szell, Michael and Strogatz, SH and Ratti, Carlo},
  journal={Scientific reports},
  volume={7},
  pages={42868},
  year={2017},
  publisher={Nature Publishing Group}
}

@article{1_litman2000evaluating,
  title={Evaluating carsharing benefits},
  author={Litman, Todd},
  journal={Transportation Research Record},
  volume={1702},
  number={1},
  pages={31--35},
  year={2000},
  publisher={SAGE Publications Sage CA: Los Angeles, CA}
}

@article{2_huwer2004public,
  title={Public transport and csar-sharing—benefits and effects of combined services},
  author={Huwer, Ulrike},
  journal={Transport Policy},
  volume={11},
  number={1},
  pages={77--87},
  year={2004},
  publisher={Elsevier}
}

@article{3_kent2014carsharing,
  title={Carsharing as active transport: What are the potential health benefits?},
  author={Kent, Jennifer L},
  journal={Journal of Transport \& Health},
  volume={1},
  number={1},
  pages={54--62},
  year={2014},
  publisher={Elsevier}
}

@article{4_bellos2017car,
  title={The car sharing economy: Interaction of business model choice and product line design},
  author={Bellos, Ioannis and Ferguson, Mark and Toktay, L Beril},
  journal={Manufacturing \& Service Operations Management},
  volume={19},
  number={2},
  pages={185--201},
  year={2017},
  publisher={INFORMS}
}

@article{5_he2017service,
  title={Service region design for urban electric vehicle sharing systems},
  author={He, Long and Mak, Ho-Yin and Rong, Ying and Shen, Zuo-Jun Max},
  journal={Manufacturing \& Service Operations Management},
  volume={19},
  number={2},
  pages={309--327},
  year={2017},
  publisher={INFORMS}
}

@incollection{6_brandstatter2016overview,
  title={Overview of optimization problems in electric car-sharing system design and management},
  author={Brandst{\"a}tter, Georg and Gambella, Claudio and Leitner, Markus and Malaguti, Enrico and Masini, Filippo and Puchinger, Jakob and Ruthmair, Mario and Vigo, Daniele},
  booktitle={Dynamic perspectives on managerial decision making},
  pages={441--471},
  year={2016},
  publisher={Springer}
}

@article{7_cocca2019free,
  title={Free floating electric car sharing design: Data driven optimisation},
  author={Cocca, Michele and Giordano, Danilo and Mellia, Marco and Vassio, Luca},
  journal={Pervasive and Mobile Computing},
  volume={55},
  pages={59--75},
  year={2019},
  publisher={Elsevier}
}

@article{8_cocca2019free,
  title={Free Floating Electric Car Sharing: A Data Driven Approach for System Design},
  author={Cocca, Michele and Giordano, Danilo and Mellia, Marco and Vassio, Luca},
  journal={IEEE Transactions on Intelligent Transportation Systems},
  volume={20},
  number={12},
  pages={4691--4703},
  year={2019},
  publisher={IEEE}
}

@article{11_nair2011fleet,
  title={Fleet management for vehicle sharing operations},
  author={Nair, Rahul and Miller-Hooks, Elise},
  journal={Transportation Science},
  volume={45},
  number={4},
  pages={524--540},
  year={2011},
  publisher={INFORMS}
}

@article{12_martin2011greenhouse,
  title={Greenhouse gas emission impacts of carsharing in North America},
  author={Martin, Elliot W and Shaheen, Susan A},
  journal={IEEE Transactions on intelligent transportation systems},
  volume={12},
  number={4},
  pages={1074--1086},
  year={2011},
  publisher={IEEE}
}

@article{13_ciari2008concepts,
  title={Concepts for a large scale car-sharing system: Modelling and evaluation with an agent-based approach},
  author={Ciari, Francesco and Balmer, Michael and Axhausen, Kay W},
  journal={Working Paper/IVT},
  volume={517},
  year={2008},
  publisher={IVT ETH Zurich},
}

@article{14_yoon2019carsharing,
  title={Carsharing demand estimation and fleet simulation with EV adoption},
  author={Yoon, Taekwan and Cherry, Christopher R and Ryerson, Megan S and Bell, John E},
  journal={Journal of Cleaner Production},
  volume={206},
  pages={1051--1058},
  year={2019},
  publisher={Elsevier}
}

@article{15_burghard2019wants,
  title={Who wants shared mobility? Lessons from early adopters and mainstream drivers on electric carsharing in Germany},
  author={Burghard, Uta and D{\"u}tschke, Elisabeth},
  journal={Transportation Research Part D: Transport and Environment},
  volume={71},
  pages={96--109},
  year={2019},
  publisher={Elsevier}
}

@article{16_xu2019fleet,
  title={Fleet sizing for one-way electric carsharing services considering dynamic vehicle relocation and nonlinear charging profile},
  author={Xu, Min and Meng, Qiang},
  journal={Transportation Research Part B: Methodological},
  volume={128},
  pages={23--49},
  year={2019},
  publisher={Elsevier}
}

@article{19_lemme2019optimization,
  title={Optimization model to assess electric vehicles as an alternative for fleet composition in station-based car sharing systems},
  author={Lemme, Rafael FF and Arruda, Edilson F and Bahiense, Laura},
  journal={Transportation Research Part D: Transport and Environment},
  volume={67},
  pages={173--196},
  year={2019},
  publisher={Elsevier}
}

@article{20_hua2019joint,
  title={Joint infrastructure planning and fleet management for one-way electric car sharing under time-varying uncertain demand},
  author={Hua, Yikang and Zhao, Dongfang and Wang, Xin and Li, Xiaopeng},
  journal={Transportation Research Part B: Methodological},
  volume={128},
  pages={185--206},
  year={2019},
  publisher={Elsevier}
}



@article{21_vasconcelos2017financial,
title = "Environmental and financial impacts of adopting alternative vehicle technologies and relocation strategies in station-based one-way carsharing: An application in the city of {L}isbon, {P}ortugal",
  author={Vasconcelos, Martinez and Correia, Guiames and Farias},
journal = "Transportation Research Part D: Transport and Environment",
volume = "57",
pages = "350 - 362",
year = "2017",
issn = "1361-9209",
publisher={Elsevier}
}


@article{22_li2016design,
  title={Design framework of large-scale one-way electric vehicle sharing systems: A continuum approximation model},
  author={Li, Xiaopeng and Ma, Jiaqi and Cui, Jianxun and Ghiasi, Amir and Zhou, Fang},
  journal={Transportation Research Part B: Methodological},
  volume={88},
  pages={21--45},
  year={2016},
  publisher={Elsevier}
}

@article{23_el2012evaluation,
  title={Evaluation of carsharing network’s growth strategies through discrete event simulation},
  author={El Fassi, Ahmed and Awasthi, Anjali and Viviani, Marco},
  journal={Expert Systems with Applications},
  volume={39},
  number={8},
  pages={6692--6705},
  year={2012},
  publisher={Elsevier}
}

@article{24_ciari2016modeling,
  title={Modeling carsharing with the agent-based simulation MATSim: State of the art, applications, and future developments},
  author={Ciari, Francesco and Balac, Milos and Axhausen, Kay W},
  journal={Transportation Research Record},
  volume={2564},
  number={1},
  pages={14--20},
  year={2016},
  publisher={SAGE Publications}
}


@article{coccaopt,
title = "Free floating electric car sharing design: Data driven optimisation",
author = "Michele Cocca and Danilo Giordano and Marco Mellia and Luca Vassio",
journal = "Pervasive and Mobile Computing",
volume = "55",
pages = "59 - 75",
year = "2019",
 publisher={Elsevier}
}

@article{SPREI2019,
title = "Free-floating car-sharing electrification and mode displacement: Travel time and usage patterns from 12 cities in Europe and the United States",
author = "Frances Sprei and Shiva Habibi and Cristofer Englund and Stefan Pettersson and Alex Voronov and Johan Wedlin",
journal = "Transportation Research Part D: Transport and Environment",
volume = "71",
pages = "127 - 140",
year = "2019",
publisher={Elsevier}
}

@article{Zheng:2014,
 title = {Urban Computing: Concepts, Methodologies, and Applications},
 author = {Zheng, Yu and Capra, Licia and Wolfson, Ouri and Yang, Hai},
 journal = {ACM Transaction on Intelligent System and Technology},
 volume = {5},
 number = {3},
 year = {2014},
 pages = {38:1--38:55},
 publisher = {ACM},
} 

@article{ZHOU2016203,
title = "A review of vehicle fuel consumption models to evaluate eco-driving and eco-routing",
author = "Min Zhou and Hui Jin and Wenshuo Wang",
journal = "Transportation Research Part D: Transport and Environment",
volume = "49",
pages = "203 - 218",
year = "2016",
 publisher={Elsevier}
}

@article{Kortum2016,
title = {Free-Floating Carsharing: City-Specific Growth Rates and Success Factors},
author = {Kortum, Katherine and Schönduwe, Robert and Stolte, Benjamin and Bock, Benno},
journal = {Transportation Research Procedia},
volume = {19},
pages = {328-340},
year = {2016},
 publisher={Elsevier}
}

@article{Shaheen2013,
title = {Carsharing and Personal Vehicle Services: Worldwide Market Developments and Emerging Trends},
author = { Susan A.   Shaheen  and  Adam P.   Cohen },
journal = {International Journal of Sustainable Transportation},
volume = {7},
number = {1},
pages = {5-34},
year  = {2013},
publisher = {Taylor & Francis},
}


@article{FERRERO2018,
title = "Car-sharing services: An annotated review",
author = "Francesco Ferrero and Guido Perboli and Mariangela Rosano and Andrea Vesco",
journal = "Sustainable Cities and Society",
volume = "37",
pages = "501 - 518",
year = "2018",
publisher={Elsevier}
}

@article{Nair:2011,
 title = {Fleet Management for Vehicle Sharing Operations},
 author = {Nair, Rahul and Miller-Hooks, Elise},
 journal = {Transportation Science},
 volume = {45},
 number = {4},
 year = {2011},
 pages = {524--540},
 publisher = {INFORMS},
} 

@article{ANGELOPOULOS2018,
title = "Incentivized vehicle relocation in vehicle sharing systems",
author = "Alexandros Angelopoulos and Damianos Gavalas and Charalampos Konstantopoulos and Damianos Kypriadis and Grammati Pantziou",
journal = "Transportation Research Part C: Emerging Technologies",
volume = "97",
pages = "175 - 193",
year = "2018",
publisher={Elsevier}
}


@article{CLEWLOW2016,
title = "Carsharing and sustainable travel behavior: Results from the San Francisco Bay Area",
author = "Regina R. Clewlow",
journal = "Transport Policy",
volume = "51",
pages = "158 - 164",
year = "2016",
publisher={Elsevier}
}

@article{ZHOU2017,
title = "Projected prevalence of car-sharing in four Asian-Pacific countries in 2030: What the experts think",
author = "Fan Zhou and Zuduo Zheng and Jake Whitehead and Robert Perrons and Lionel Page and Simon Washington",
journal = "Transportation Research Part C: Emerging Technologies",
volume = "84",
pages = "158 - 177",
year = "2017",
publisher={Elsevier}
}

@article{AMPUDIARENUNCIO2020102593,
title = "Understanding the spatial distribution of free-floating carsharing in cities: Analysis of the new Madrid experience through a web-based platform",
author = "Maria Ampudia-Renuncio and Bego<a Guirao and Rafael Molina-Sanchez and Cristina Engel de Alvarez",
journal = "Cities",
volume = "98",
pages = "102593",
year = "2020",
publisher={Elsevier}
}


@article{BECKER2017,
title = "Modeling free-floating car-sharing use in Switzerland: A spatial regression and conditional logit approach",
author = "Henrik Becker and Francesco Ciari and Kay W. Axhausen",
journal = "Transportation Research Part C: Emerging Technologies",
volume = "81",
pages = "286 - 299",
year = "2017",
publisher={Elsevier}
}

@article{coccacar,
title={Free Floating Electric Car Sharing: A Data Driven Approach for System Design},
author={M. {Cocca} and D. {Giordano} and M. {Mellia} and L. {Vassio}},
journal={Transactions on Intelligent Transportation Systems},
year={2019},
pages={1-13},
publisher={IEEE}
}

@article{VancouverCS,
title = "Characterizing client usage patterns and service demand for car-sharing systems",
author = "Victor A. Alencar and Felipe Rooke and Michele Cocca and Luca Vassio and Jussara Almeida and Alex Borges Vieira",
journal = "Information Systems",
pages = "101448",
year = "2019",
publisher={Elsevier}
}

@article{Cui2019TransSmartGrid,
  title={Electric Vehicle Charging Station Placement Method for Urban Areas}, 
  author={Q. {Cui} and Y. {Weng} and C. {Tan}},
  journal={Transactions on Smart Grid}, 
  year={2019},
  volume={10},
  number={6},
  pages={6552-6565},
  publisher={IEEE}
}
  
@article{hOU2019,
author={L. {Hou} and C. {Wang} and J. {Yan}},
journal={IEEE Transactions on Intelligent Transportation Systems},
title={Bidding for Preferred Timing: An Auction Design for Electric Vehicle Charging Station Scheduling},
year={2019},
pages={1-12},
 publisher={IEEE}
}

@article{BAPTISTA201428,
title = "Energy, Environmental and Mobility Impacts of Car-sharing Systems. Empirical Results from Lisbon, Portugal",
author = "Patracia Baptista and Sandra Melo and Catarina Rolim",
journal = "Procedia - Social and Behavioral Sciences",
volume = "111",
pages = "28 - 37",
year = "2014",
publisher={Elsevier}
}

@article{baptista2014energy,
  title={Energy, environmental and mobility impacts of car-sharing systems. Empirical results from Lisbon, Portugal},
  author={Baptista, Patr{\'\i}cia and Melo, Sandra and Rolim, Catarina},
  journal={Procedia-Social and Behavioral Sciences},
  volume={111},
  pages={28--37},
  year={2014},
  publisher={Elsevier}
}

@article{schmoller2015empirical,
  title={Empirical analysis of free-floating carsharing usage: The Munich and Berlin case},
  author={Schm{\"o}ller, Stefan and Weikl, Simone and M{\"u}ller, Johannes and Bogenberger, Klaus},
  journal={Transportation Research Part C: Emerging Technologies},
  volume={56},
  pages={34--51},
  year={2015},
  publisher={Elsevier}
}

@article{DELUCA201559,
title = "Modelling users’ behaviour in inter-urban carsharing program: A stated preference approach",
journal = "Transportation Research Part A: Policy and Practice",
volume = "71",
pages = "59 - 76",
year = "2015",
author = "Stefano de Luca and Roberta Di Pace",
publisher={Elsevier}
}

@article{TRENTINI2017594,
title = "Analyzing Carsharing “Public” (Scraped) Data to Study Urban Traffic Patterns",
author = "Andrea Trentini and Federico Losacco",
journal = "Procedia Environmental Sciences",
volume = "37",
pages = "594 - 603",
year = "2017",
publisher={Elsevier}
}

@article{Weikl2013, 
author={S. Weikl and K. Bogenberger}, 
journal={IEEE Intelligent Transportation Systems Magazine}, 
title={Relocation Strategies and Algorithms for Free-Floating Car Sharing Systems}, 
year={2013}, 
volume={5}, 
number={4}, 
pages={100-111}, 
publisher={IEEE}
}

@inproceedings{9_habibi2017comparison,
  title={Comparison of free-floating car sharing services in cities},
  author={Habibi, Shiva and Sprei, Frances and Englund, Cristofer and Pettersson, Stefan and Voronov, Alexey and Wedlin, Johan and Engdahl, Henrik},
  booktitle={Proceedings of the ECEEE Summer Study},
  year={2017}
}

@inproceedings{10_ciociola2017umap,
   title = {{UMAP}: Urban Mobility Analysis Platform to Harvest Car Sharing Data},
   author = {Alessandro Ciociola and Michele Cocca and Danilo Giordano and Marco Mellia and Andrea Morichetta and Andrian Putina and Flavia Salutari},
   booktitle={Proceedings of the IEEE Smart City Innovations},
   year={2017},
   organization={IEEE}
}

@inproceedings{Savaresi2015,
title={On the prediction of future vehicle locations in free-floating car sharing systems},
author={S. {Formentin} and A. G. {Bianchessi} and S. M. {Savaresi}},
booktitle={Proceedings of the IEEE Intelligent Vehicles Symposium},
year={2015},
organization={IEEE}
}

@inproceedings{Ratti2010,
title="Taxi-Aware Map: Identifying and Predicting Vacant Taxis in the City",
author="Phithakkitnukoon, Santi and Veloso, Marco and Bento, Carlos and Biderman, Assaf and Ratti, Carlo",
booktitle="Proceedings of the Ambient Intelligence",
year="2010",
publisher="Springer",
}

@inproceedings{INFOCOM2016,
author={C. {Boldrini} and R. {Bruno} and M. {Conti}},
booktitle={Proceedings of the IEEE Conference on Computer Communications Workshops},
title={Characterising demand and usage patterns in a large station-based car sharing system},
year={2016},
publisher="IEEE",
}

@inproceedings{2007ITSC, 
author={C. Morency and M. Trepanier and B. Agard and B. Martin and J. Quashie}, 
booktitle={Proceedings of the IEEE Intelligent Transportation Systems Conference}, 
title={Car sharing system: what transaction datasets reveal on users' behaviors}, 
year={2007}, 
publisher={Elsevier}
}

@inproceedings{INFOCOM2016125,
author={C. {Boldrini} and R. {Bruno} and M. {Conti}},
booktitle={Proceedings of the IEEE Conference on Computer Communications Workshops},
title={Characterising demand and usage patterns in a large station-based car sharing system},
year={2016},
publisher={IEEE}
}










@article{cox1966statistical,
  title={The statistical analysis of series of events},
  author={Cox, David Roxbee},
  journal={Monographs on Applied Probability and Statistics},
  year={1966},
  publisher={Chapman and Hall}
}


@article{kde_pois,
   title = {{The visualization and analysis of urban facility pois using network kernel density estimation constrained by multi-factors}},
   author={Yu, Wenhao AND Ai, Tinghua},
   ISSN = {1982-2170},
   language = {en},
   URL = {http://www.scielo.br/scielo.php?script=sci_arttext&pid=S1982-21702014000400902&nrm=iso},
   volume = {20},
   year = {2014},
   month = {12},
   pages = {902 - 926},
   publisher = {scielo},
   }
   
@inproceedings{poisson_inh,
 author = {Menon, Aditya Krishna and Lee, Young},
 title = {Predicting Short-Term Public Transport Demand via Inhomogeneous Poisson Processes},
 booktitle = {Proceedings of the 2017 ACM on Conference on Information and Knowledge Management},
 year = {2017},
 isbn = {978-1-4503-4918-5},
 pages = {2207--2210},
 numpages = {4},
 doi = {10.1145/3132847.3133058},
 acmid = {3133058},
 keywords = {neural network, point process, urban mobility},
} 

@inproceedings{kde_spatial,
    author = {García, Raúl Tomás and Lopez, Maria Francisca and Pérez Sánchez, Juan Carlos and Pérez Sánchez, Raúl},
    year = {2015},
    title = {The kernel density estimation for the visualization of spatial patterns in urban studies},
    booktitle = {15th International Multidisciplinary Scientific GeoConference SGEM 2015},
    doi = {10.5593/SGEM2015/B21/S8.111},
    pages = {867-874},
}

@inproceedings{ciociola2020,
  title={Impact of Charging Infrastructure and Policies on Electric Car Sharing Systems},
  author={Ciociola, Alessandro and Markudova, Dena and Vassio, Luca and Giordano, Danilo and Mellia, Marco and Meo, Michela},
   booktitle={Proceedings of the 23rd IEEE International Conference on Intelligent Transportation Systems},
   year={2020},
   organization={IEEE}
}

@article{Quattroruote,
title = {Mobilità alternativa Crack sharing},
author = {Mario Rossi},
journal={Quattroruote},
year={2017},
volume={746},
publisher={EditorialeDomus},
url= {http://shoped.it/shop/prodotto/quattroruote-ottobre-2017/}
}

@electronic{UNfuture,
author = {{United Nations}},
title = {{Revision of World Urbanization Prospectsa}},
year = {2018},
howpublished = {\url{https://www.un.org/development/desa/publications/2018-revision-of-world-urbanization-prospects.html}},
note = {Accessed: 2020-07-09}
}

@electronic{25_ev_benefits,
  year={2009},
  author={Caryn Green},
  title={{Car-Sharing – Good for the Environment and the Budget}},
  howpublished={\url{http://www.blueplanetgreenliving.com/2009/09/16/car-sharing-good-for-the-environment-and-the-budget/}},
  note = {Accessed: 2020-07-09},
}

@electronic{leasingCost,
  author = {Mercedes-Benz},
  title = {Leasing cost},
  howpublished = {\url{https://mymobilitypass.mercedes-benz.it/offerte-noleggio-lungo-termine/smart-fortwo-eq-passion}},
  note = {Accessed: 2020-07-09},
  year = {2020}
}

@electronic{evInfrastructureCosts,
author = {Chris Nelder and Emily Rogers},
title = {{Reducing EV charging infrastructure costs}},
year = {2019},
howpublished = {\url{https://rmi.org/ev-charging-costs 
}},
note = {Accessed: 2020-07-09},
}

@electronic{soleCarSharing,
  title={Car sharing, in crescita +30\% all’anno fino al 2021},
  author={Pier Luigi del Viscovo},
  year={2019},
  howpublished={\url{https://www.ilsole24ore.com/art/car-sharing-crescita-30percento-all-anno-fino-2021-ACkAQgP}},
  note = {Accessed: 2020-07-09},
}

@electronic{eurostat,
  title={Electricity price statistics},
  Author={Eurostat},
  Year={2019},
  howpublished={\url{https://ec.europa.eu/eurostat/statistics-explained/index.php/Electricity_price_statistics}},
  note = {Accessed: 2020-07-09},
}

@electronic{cosapTurin,
author={{Comune di Torino}},
title = {{Ground occupation tax for the city of Turin}},
howpublished = {\url{http://www.comune.torino.it/cosap/}},
year={2020},
note = {Accessed: 2020-07-09},
}

@electronic{costo_lavoro,
author = {Infodata},
title = {{Il costo del lavoro divide in due l’Europa}},
year = {2019},
howpublished = {\url{https://www.infodata.ilsole24ore.com/2019/08/19/39139/}},
note = {Accessed: 2020-07-09}
}

@electronic{DoctorCarWash,
  title={{Doctor Car Wash Prices}},
  Year={2020},
  howpublished={\url{https://www.doctorcarwash.it/prezzi.html}},
  note = {Accessed: 2020-07-09},
}

@electronic{car2goPriceTurin,
  title={{Car2Go Prices in Turin}},
  Year={2020},
  howpublished={\url{https://www.car2go.com/IT/en/turin/costs/}},
  note = {Accessed: 2020-07-09},
}